<?xml version="1.0" encoding="UTF-8"?><collection xmlns="http://www.loc.gov/MARC21/slim"><record><leader>00554nam--2200169-i-4500</leader><controlfield tag="001">000005697</controlfield><controlfield tag="002">20161230</controlfield><controlfield tag="005">20161230201026</controlfield><controlfield tag="008">060222s1000------------r-----000-0-eng-d</controlfield><datafield ind1=" " ind2=" " tag="040"><subfield code="a">IFIN-HH</subfield></datafield><datafield ind1=" " ind2=" " tag="080"><subfield code="a">53</subfield></datafield><datafield ind1="1" ind2=" " tag="100"><subfield code="a">Suits, Guy C</subfield></datafield><datafield ind1="1" ind2="0" tag="245"><subfield code="a">The collected works of irving langmuir, with contributions in memoriam including a complete bibliography of his works. vol. 3. thermionic phenomena</subfield><subfield code="c">Guy c. suits (general editor)</subfield></datafield><datafield ind1=" " ind2=" " tag="260"><subfield code="a">New York</subfield><subfield code="b">Pergamon Press</subfield><subfield code="c">1961</subfield></datafield><datafield ind1=" " ind2=" " tag="300"><subfield code="a">XXVII+481P</subfield></datafield><datafield ind1=" " ind2=" " tag="852"><subfield code="a">16841</subfield><subfield code="c">53</subfield></datafield><datafield ind1=" " ind2=" " tag="CAT"><subfield code="a">Sys</subfield><subfield code="c">20150216</subfield><subfield code="h">235826</subfield></datafield></record></collection>